@article{Bobilar:etal:2020,
    author={Jordi Bobilar and Antoine Rabatel and Isabelle Gouttevin and Clovis Galiez and Thomas Condom and Eric Sauquet},
    journal={The Cryosphere 14},
    title={Deep Learning Applied to Glacier Evolution Modelling},
    volume={},
    number={2},
    pages={565-84},
    year={2020}
}

@article{earth:org,
    author={Logan Rance},
    publisher={Earth.org},
    title={What are the Consequences of Glacial Melting?},
    year={2023}
}